<record xmlns="http://www.loc.gov/MARC21/slim" xmlns:xsi="http://www.w3.org/2001/XMLSchema-instance" xsi:schemaLocation="http://www.loc.gov/MARC21/slim http://www.loc.gov/standards/marcxml/schema/MARC21slim.xsd">

  <leader>00791nam a2200193Ia 4500</leader>
  <datafield tag="999" ind2=" " ind1=" ">
    <subfield code="c">620</subfield>
    <subfield code="d">620</subfield>
  </datafield>
  <controlfield tag="008">170315b2009    cr ||||| |||| 00| | spa d</controlfield>
  <datafield ind2=" " tag="020" ind1=" ">
    <subfield code="a">9789968633</subfield>
  </datafield>
  <datafield tag="090" ind2=" " ind1=" ">
    <subfield code="a">06.03.06 </subfield>
    <subfield code="b">423</subfield>
  </datafield>
  <datafield ind2=" " tag="100" ind1="1">
    <subfield code="a">Vélasquez de Bustamante, Martha Elizabeth</subfield>
    <subfield code="9">2544</subfield>
  </datafield>
  <datafield tag="245" ind2="0" ind1="1">
    <subfield code="a">Pedagogía y formación docente / </subfield>
    <subfield code="c">Martha Elizabeth Velásquez de Bustamante; Alejandro de León Cruz y Raúl Francisco Díaz Mendoza</subfield>
  </datafield>
  <datafield ind1=" " ind2=" " tag="260">
    <subfield code="a">San José, Costa Rica :  </subfield>
    <subfield code="b">Coordinación Educativa y Cultural Centroamericana CEEC/SICA, </subfield>
    <subfield code="c">2009</subfield>
  </datafield>
  <datafield ind1=" " tag="300" ind2=" ">
    <subfield code="a">123 páginas.</subfield>
  </datafield>
  <datafield ind2=" " tag="490" ind1=" ">
    <subfield code="a">Colección Educativa y Cultural Centroamericana CEEC/SICA</subfield>
  </datafield>
  <datafield ind2="4" tag="650" ind1="1">
    <subfield code="a">PEDAGOGÍA</subfield>
    <subfield code="9">1770</subfield>
  </datafield>
  <datafield tag="650" ind2="4" ind1="1">
    <subfield code="a">FORMACIÓN DE DOCENTES</subfield>
    <subfield code="9">9</subfield>
  </datafield>
  <datafield ind1="1" tag="700" ind2=" ">
    <subfield code="a">De León Cruz, Alejandro</subfield>
    <subfield code="9">2545</subfield>
  </datafield>
  <datafield ind1="1" tag="700" ind2=" ">
    <subfield code="a">Díaz Mendoza, Raúl Francisco</subfield>
    <subfield code="9">2546</subfield>
  </datafield>
  <datafield ind1=" " ind2=" " tag="942">
    <subfield code="2">z</subfield>
    <subfield code="c">01</subfield>
  </datafield>
</record>